@string{EPJC="Eur.\ Phys.\ J. C"}
@string{JP="J.\ Phys."}
@string{NCA="Nuovo Cimento"}
@string{NIM="Nucl.\ Instr.\ Meth.\ A"}
@string{NP="Nucl.\ Phys."}
@string{PL="Phys.\ Lett."}
@string{PLB="Phys.\ Lett.\ B"}
@string{PRL="Phys.\ Rev.\ Lett."}
@string{RMP="Rev.\ Mod.\ Phys."}
@string{PR="Phys.\ Rev."}
@string{ZP="Z.\ Phys."}
@string{ZPC="Z.\ Phys.\ C"}
@string{PRD="Phys.\ Rev.\ D"}
@string{JHEP="JHEP"}
@string{CC="Comput.\ Phys.\ Commun."}
@string{JPG="J.\ Phys.\ G"}


%%%ATLAS
@article{cms,
     author    = "{CMS Collaboration}",
     title     = "{The CMS experiment at the CERN LHC}",
     journal   = "JINST",
     volume    = "3",
     year      = "2008",
     pages     = "S08004"
}
@article{alice,
     author    = "{ALICE Collaboration}",
     title     = "{The ALICE experiment at the CERN LHC}",
     journal   = "JINST",
     volume    = "3",
     year      = "2008",
     pages     = "S08002"
}
@article{lhcb,
     author    = "{LHCb Collaboration}",
     title     = "{The LCHb experiment at the CERN LHC}",
     journal   = "JINST",
     volume    = "3",
     year      = "2008",
     pages     = "S08005"
}

@article{lhc,
     author    = "{L. Evans, P. Bryant (Eds.)}",
     title     = "{LHC Machine}",
     journal   = "JINST",
     volume    = "3",
     year      = "2008",
     pages     = "S08001"
}

@Article{Aad:2008zzm,
     author    = "{ATLAS Collaboration}",
     title     = "{The ATLAS Experiment at the CERN Large Hadron Collider}",
     journal   = "JINST",
     volume    = "3",
     year      = "2008",
     pages     = "S08003",
     doi       = "10.1088/1748-0221/3/08/S08003",
     SLACcitation  = "%%CITATION = JINST,3,S08003;%%",
}

@article{1748-0221-3-08-S08003,
  author="{ATLAS Collaboration}",
  title="{The ATLAS Experiment at the CERN Large Hadron Collider}",
  journal={Journal of Instrumentation},
  volume={3},
  number={08},
  pages={S08003},
  url={http://stacks.iop.org/1748-0221/3/i=08/a=S08003},
  year={2008},
  abstract={The ATLAS detector as installed in its experimental cavern at point 1 at CERN is described in this paper. A brief overview of the expected performance of the detector when the Large Hadron Collider begins operation is also presented.}
}

@article{Dai:2013gea,
      author         = "Dai, Zhimin and Petit-Jean-Genaz, Christine and Schaa, Volker R.W. and Zhang, Chuang",
      editor         = "Dai, Zhimin",
      title          = "{Proceedings of 4th International Particle Accelerator
                        Conference (IPAC 2013)}",
      year           = "2013",
}
@article{Lamont,
      author         = "Lamont, M.",
      title          = "{The First Years of LHC Operation for Luminosity Production}",
      journal        = "{in {\em Proceedings of 4th International Particle Accelerator Conference (IPAC 2013)}}",
      year           = "2013",
}

@article{id_cosmic,
     author    = "{ATLAS Collaboration}",
     title     = "Studies of the performance of the ATLAS detector
using cosmic-ray muons",
     journal   = "Eur. Phys. J.",
     volume    = " C 71",
     year      = "2011",
     pages     = "1593"
}



@article{lar_readiness,
     author    = "{ATLAS Collaboration}",
     title     = "Readiness of the ATLAS liquid argon calorimeter for LHC collisions",
     journal   = "Eur. Phys. J.",
     volume    = "C 70",
     year      = "2010",
     pages     = "723-753"
}

@article{tile_readiness,
     author    = "{ATLAS Collaboration}",
     title     = "Readiness of the ATLAS Tile calorimeter for LHC collisions",
     journal   = "Eur. Phys. J.",
     volume    = "C 70",
     year      = "2010",
     pages     = "1193–1236"
}

%%%OBJECTS RECO
@article{Aad:2009wy,
      author         = "{ATLAS Collaboration}",
      title          = "{Expected Performance of the ATLAS Experiment - Detector,
                        Trigger and Physics}",
      year           = "2009",
      eprint         = "0901.0512",
      archivePrefix  = "arXiv",
      primaryClass   = "hep-ex",
      reportNumber   = "SLAC-R-980, CERN-OPEN-2008-020",
      SLACcitation   = "%%CITATION = ARXIV:0901.0512;%%",
}

@article{Frühwirth1987444,
title = "Application of Kalman filtering to track and vertex fitting ",
journal = "Nuclear Instruments and Methods in Physics Research Section A: Accelerators, Spectrometers, Detectors and Associated Equipment ",
volume = "262",
number = "2–3",
pages = "444 - 450",
year = "1987",
note = "",
issn = "0168-9002",
doi = "http://dx.doi.org/10.1016/0168-9002(87)90887-4",
url = "http://www.sciencedirect.com/science/article/pii/0168900287908874",
author = "R. Frühwirth"
}

@techreport{ATLAS-CONF-2010-069,
      title         = "{Performance of primary vertex reconstruction in
                       proton-proton collisions at $\sqrt{s}=$7 TeV in the ATLAS
                       experiment}",
      institution   = "CERN",
      collaboration = "ATLAS Collaboration",
      address       = "Geneva",
      number        = "ATLAS-CONF-2010-069",
      month         = "Jul",
      year          = "2010",
}

@techreport{ATLAS-CONF-2012-042,
      title         = "{Performance of the ATLAS Inner Detector Track and Vertex
                       Reconstruction in the High Pile-Up LHC Environment}",
      institution   = "CERN",
      collaboration = "ATLAS Collaboration",
      address       = "Geneva",
      number        = "ATLAS-CONF-2012-042",
      month         = "Mar",
      year          = "2012",
}

@techreport{Cornelissen:1020106,
      author        = "Cornelissen, T and Elsing, M and Fleischmann, S and
                       Liebig, W and Moyse, E and Salzburger, A",
      title         = "{Concepts, Design and Implementation of the ATLAS New
                       Tracking (NEWT)}",
      institution   = "CERN",
      address       = "Geneva",
      number        = "ATL-SOFT-PUB-2007-007. ATL-COM-SOFT-2007-002",
      month         = "Mar",
      year          = "2007",
}

@article{eperf,
      title    = "{Electron performance measurements with the ATLAS detector using the 2010 LHC proton-proton collision data}",
      author   = "{ATLAS Collaboration}",
      journal        = "Eur.Phys.J.",
      volume         = "C72",
      pages          = "1909",
      doi            = "10.1140/epjc/s10052-012-1909-1",
      year           = "2012",
      eprint         = "1110.3174",
      archivePrefix  = "arXiv",
      primaryClass   = "hep-ex",
      reportNumber   = "CERN-PH-EP-2011-117",
} 

@article{Aharrouche:2010zz,
      author         = "Aharrouche, M. and Adam-Bourdarios, C. and Aleksa, M. and
                        Banfi, D. and Benchekroun, D. and others",
      title          = "{Measurement of the response of the ATLAS liquid argon
                        barrel calorimeter to electrons at the 2004 combined
                        test-beam}",
      journal        = "Nucl.Instrum.Meth.",
      volume         = "A614",
      pages          = "400-432",
      doi            = "10.1016/j.nima.2009.12.055",
      year           = "2010",
      SLACcitation   = "%%CITATION = NUIMA,A614,400;%%",
}

@article{Abat:1900zz,
      author         = "Abat, E. and Abdallah, J.M. and Addy, T.N. and Adragna,
                        P. and Aharrouche, M. and others",
      title          = "{Combined performance studies for electrons at the 2004
                        ATLAS combined test-beam}",
      journal        = "JINST",
      volume         = "5",
      pages          = "P11006",
      doi            = "10.1088/1748-0221/5/11/P11006",
      year           = "2010",
      SLACcitation   = "%%CITATION = JINST,5,P11006;%%",
}

@article{topocluster,
      author  = "Lampl, W. and others",
      title          = "{Calorimeter clustering algorithms: Description and performance}",
      journal = "{ATL-LARG-PUB-2008-002}",
      year           = "2012",
      note ="\href{https://cdsweb.cern.ch/record/1099735}{https://cdsweb.cern.ch/record/1099735}"     
}

@techreport{topcommon2013,
      author        = "Acharya, B and Adelman, J and Adomeit, S and Aoki, M and
                       Alvarez, B and Balli, F and Bell, W and Becker, K and Behr,
                       K and Benjamin, D and Bergeaas~Kuutmann, E and Bernard, C
                       and Black, K and Calvet, S and Camacho, R and Coadou, Y and
                       Cortiana, G and Cooper-Smith, N and Cornelissen, T and
                       Cristinziani, M and Dao, V and De Sanctis, U and Doglioni,
                       C and Derue, F and Finelli, K and Grahn, KJ and
                       Groth-Jensen, J and Head, S and Henrichs, A and
                       Hirschbuehl, D and Kaushik, V and Kind, OM and Khandanyan,
                       H and Krasznahorkay, A and Kuhl, T and Le Menedeu, E and
                       Lee, HC and Lister, A and Loureiro, KF and Miljovic, L and
                       Morris, JD and Moles Valls, R and Nackenhorst, O and
                       Pelikan, D and Owen, M and Pinamonti, M and Rao, K and
                       Rosbach, K and Rudolph, M and Salamanna, G and Schwindling,
                       J and Searcy, J and Shabalina, E and Shaw, K and Sjolin, J
                       and Soualah, R and Stamm, S and Ta, DB and
                       Theveneaux-Pelzer, T and Thompson, E and Uchida, K and
                       Valery, L and Vreeswijk, M and Wasicki, C and Watson, IJ
                       and Yau, K and Zhong, J and Zhu, H and zur Nedden, M",
      title         = "{Object selection and calibration, background estimations
                       and MC samples for the Winter 2013 Top Quark analyses with
                       2012 data}",
      institution   = "CERN",
      address       = "Geneva",
      number        = "ATL-COM-PHYS-2013-088",
      month         = "Jan",
      year          = "2013",
}

%%%%MUON
@techreport{ATLAS-CONF-2011-063,
      title         = "{Muon reconstruction efficiency in reprocessed 2010 LHC
                       proton-proton collision data recorded with the ATLAS
                       detector}",
      institution   = "CERN",
      collaboration = "ATLAS Collaboration",
      address       = "Geneva",
      number        = "ATLAS-CONF-2011-063",
      month         = "Apr",
      year          = "2011",
}



@article{LCW1,
  title = "{Hadronic calibration of the ATLAS liquid argon end-cap calorimeter in the pseudorapidity region $1.6<|\eta|<1.8$ in beam tests}",
  journal = NIM,
  volume = "531",
  pages = "481",
  year = "2004",
  doi = "10.1016/j.nima.2004.05.133",
  author = "C. Cojocaru and others",
  eprint  = "0407009",
  archivePrefix = "arXiv",
  primaryClass  = "physics",   
}

@article{LCW2,
  author  = "T. Barillari and others",
  title          = "{Local hadronic calibration}",
  journal = "{ATL-LARG-PUB-2009-001}",
  year = "2009",
  note ="\href{https://cds.cern.ch/record/1112035}{https://cds.cern.ch/record/1112035}",
}


@article{met,
      title          = "{Performance of Missing Transverse Momentum
                        Reconstruction in Proton-Proton Collisions at 7 \tev\ with
                        ATLAS}",
      author  = "{ATLAS Collaboration}",
      year           = "2012",
      journal=EPJC,
      volume=72,
      pages=1844,
      eprint         = "1108.5602",
      archivePrefix  = "arXiv",
      primaryClass   = "hep-ex",
      reportNumber   = "CERN-PH-EP-2011-114",
      SLACcitation   = "%%CITATION = ARXIV:1108.5602;%%",
}

@article{Salam:2009jx,
      author         = "Salam, Gavin P.",
      title          = "{Towards Jetography}",
      journal        = "Eur.Phys.J.",
      volume         = "C67",
      pages          = "637-686",
      doi            = "10.1140/epjc/s10052-010-1314-6",
      year           = "2010",
      eprint         = "0906.1833",
      archivePrefix  = "arXiv",
      primaryClass   = "hep-ph",
      SLACcitation   = "%%CITATION = ARXIV:0906.1833;%%",
}


@Article{ref:Cacciari2008,
   author        = "Matteo Cacciari and Gavin P. Salam and Gregory Soyez",
   title         = "The anti-$k_{t}$ jet clustering algorithm",
   journal       = JHEP,
  year          = "2008",
  volume        = "04",
  pages         = "063",
  archivePrefix = "arXiv",
  eprint        = "0802.1189v2",
  doi           = "10.1088/1126-6708/2008/04/063",
  primaryClass  = "hep-ph"
}

@Article{ref:Cacciari2006,
  author        = "Matteo Cacciari and Gavin P. Salam",
  title         = "Dispelling the $N^3$ myth for the $k_t$ jet-finder",
  journal       = PL,
  year          = "2006",
  volume        = "B641",
  pages         = "57",
  doi           = "10.1016/j.physletb.2006.08.037",
  eprint        = "0512210v2",
  archivePrefix = "arXiv",
  primaryClass  = "hep-ph"
}

@Article{ref:fastjet,
  author        = "Matteo Cacciari and Gavin P. Salam and Gregorio Soyez",
  title         = "FastJet User Manual",
  journal       = "Eur. Phys. J.",
  year          = "2012",
  volume        = "C72",
  pages         = "1896",
  doi           = "10.1140/epjc/s10052-012-1896-2",
  eprint        = "1111.6097",
  archivePrefix = "arXiv",
  primaryClass  = "hep-ph",
}
%  url           = "{http://fastjet.fr/}"

@Article{ref:ATLAS-CONF-2011-102,
  collaboration = "ATLAS",
  title         = "Commissioning of the ATLAS high-performance b-tagging algorithms in the 7 TeV collision data",
  journal = "{ATLAS-CONF-2011-102}",
  year          = "2011",
  note ="\href{https://cds.cern.ch/record/1369219}{https://cds.cern.ch/record/1369219}",
}

@Article{ref:ATLAS-CONF-2011-080,
  collaboration = "ATLAS",
  title         = "Reconstruction and Calibration of Missing Transverse Energy and Performance in $Z$ and $W$ events in ATLAS Proton-Proton Collisions at 7 TeV",
  journal =  "{ATLAS-CONF-2011-080}",
  year          = "2011",
  note ="\href{https://cds.cern.ch/record/1355703}{https://cds.cern.ch/record/1355703}",
}


@article{jes,
      title          = "{Jet energy measurement with the ATLAS detector in
                        proton-proton collisions at $\sqrt{s} = 7 \tev$}",
      author  = "{ATLAS Collaboration}",
      journal        = EPJC,
      volume         = "73",
      pages          = "2304",
      doi            = "10.1140/epjc/s10052-013-2304-2",
      year           = "2013",
      eprint         = "1112.6426",
      archivePrefix  = "arXiv",
      primaryClass   = "hep-ex"
}

@article{btagging,
     author = "{ATLAS Collaboration}",
     title="{Measurement of the $b$-tagging efficiency in a sample of jets containing 
                 muons with 5 fb$^{-1}$ of data from the ATLAS detector}",
     journal = "{ATLAS-CONF-2012-043}",
     year = "2012",
     note ="\href{https://cdsweb.cern.ch/record/1435197}{https://cdsweb.cern.ch/record/1435197}"
}

@article{ctagging,
     author  = "{ATLAS Collaboration}",  
     title= "{$b$-jet tagging calibration on $c$-jets containing $D^{*+}$ mesons}",
     journal="{ATLAS-CONF-2012-039}",
     year = "2012",
     note ="\href{https://cdsweb.cern.ch/record/1435193}{https://cdsweb.cern.ch/record/1435193}"
}

@article{ltagging,
     author = "{ATLAS Collaboration}",
     title="{Measurement of the mistag rate of $b$-tagging algorithms 
                with 5 fb$^{-1}$ of data collected by the ATLAS detector}",
     journal="{ATLAS-CONF-2012-040}",
     year = "2012",
     note ="\href{https://cdsweb.cern.ch/record/1435194}{https://cdsweb.cern.ch/record/1435194}"
}



%%%%Monte Carlo simulation
@article{Mangano:933464,
      author        = "Mangano, Michelangelo L and Stelzer, T J",
      title         = "{Tools for the simulation of hard hadronic collisions}",
      journal       = "Annu. Rev. Nucl. Part. Sci.",
      number        = "CERN-PH-TH-2005-074",
      volume        = "55",
      pages         = "555-588",
      year          = "2005",
}




%%THEORY
@article{PhysRevD.78.013010,
  title = "{Effects of new leptons in electroweak precision data}",
  author = {del Aguila, F. and de Blas, J. and P\'erez-Victoria, M.},
  journal = {Phys. Rev. D},
  volume = {78},
  issue = {1},
  pages = {013010},
  numpages = {16},
  year = {2008},
  month = {Jul},
  doi = {10.1103/PhysRevD.78.013010},
  url = {http://link.aps.org/doi/10.1103/PhysRevD.78.013010},
  publisher = {American Physical Society}
}

@article{ATLAS:2012aw,
      author         = "{ATLAS Collaboration}",
      title          = "{Search for down-type fourth generation quarks with the
                        ATLAS detector in events with one lepton and hadronically
                        decaying $W$ bosons}",
      journal        = "Phys.Rev.Lett.",
      volume         = "109",
      pages          = "032001",
      doi            = "10.1103/PhysRevLett.109.032001",
      year           = "2012",
      eprint         = "1202.6540",
      archivePrefix  = "arXiv",
      primaryClass   = "hep-ex",
      reportNumber   = "CERN-PH-EP-2011-230",
      SLACcitation   = "%%CITATION = ARXIV:1202.6540;%%",
}

@article{:2012aka,
      author         = "{ATLAS Collaboration}",
      title          = "{Search for pair production of a new quark that decays to
                        a $Z$ boson and a bottom quark with the ATLAS detector}",
      journal        = "Phys.Rev.Lett.",
      volume         = "109",
      pages          = "071801",
      doi            = "10.1103/PhysRevLett.109.071801",
      year           = "2012",
      eprint         = "1204.1265",
      archivePrefix  = "arXiv",
      primaryClass   = "hep-ex",
      reportNumber   = "CERN-PH-EP-2012-073",
      SLACcitation   = "%%CITATION = ARXIV:1204.1265;%%",
}

@article{ATLAS:2012qe,
      author         = "{ATLAS Collaboration}",
      title          = "{Search for pair production of heavy top-like quarks
                        decaying to a high-pT $W$ boson and a $b$ quark in the
                        lepton plus jets final state at $\sqrt{s}=7$ TeV with the
                        ATLAS detector}",
      journal        = "Phys.Lett.",
      volume         = "B718",
      pages          = "1284-1302",
      doi            = "10.1016/j.physletb.2012.11.071",
      year           = "2012",
      eprint         = "1210.5468",
      archivePrefix  = "arXiv",
      primaryClass   = "hep-ex",
      reportNumber   = "CERN-PH-EP-2012-258",
      SLACcitation   = "%%CITATION = ARXIV:1210.5468;%%",
}


@online{lumi,
      author         = "{ATLAS Collaboration}",
      url         = "https://twiki.cern.ch/twiki/bin/view/AtlasPublic/LuminosityPublicResults",
}

@article{Aad:2012bt,
      author         = "{ATLAS Collaboration}",
      title          = "{Search for pair-produced heavy quarks decaying to $Wq$ in
                        the two-lepton channel at $\sqrt{s}=7$ TeV with the ATLAS
                        detector}",
      journal        = "Phys.Rev.",
      volume         = "D86",
      pages          = "012007",
      doi            = "10.1103/PhysRevD.86.012007",
      year           = "2012",
      eprint         = "1202.3389",
      archivePrefix  = "arXiv",
      primaryClass   = "hep-ex",
      reportNumber   = "CERN-PH-EP-2012-008",
      SLACcitation   = "%%CITATION = ARXIV:1202.3389;%%",
}

@article{ATLAS-CONF-2013-055,
      author       = "ATLAS collaboration",
      title        = "Search for anomalous production of events with same-sign
                      dileptons and $b$ jets in 14.3 fb$^{-1}$ of $pp$ collisions
                      at $\sqrt{s} = 8$ TeV with the ATLAS detector",
      institution  = "CERN",
      address      = "Geneva",
      number       = "ATLAS-CONF-2013-055",
      month        = "May",
      year         = "2013",
}

@article{ATLAS-CONF-2013-018,
      title        = "Search for heavy top-like quarks decaying to a Higgs boson
                      and a top quark in the lepton plus jets final state in $pp$
                      collisions at $\sqrt{s}=8$ TeV with the ATLAS detector",
      author       = "ATLAS collaboration",
      institution  = "CERN",
      address      = "Geneva",
      number       = "ATLAS-CONF-2013-018",
      month        = "Mar",
      year         = "2013",
}

@article{ATLAS-CONF-2012-137,
      title        = "{Search for Single Production of Vector-like Quarks Coupling
                      to Light Generations in $4.64~ifb$ of Data at
                      $\sqrt{s}=7$~TeV}",
      author       = "ATLAS collaboration",
      institution  = "CERN",
      address      = "Geneva",
      number       = "ATLAS-CONF-2012-137",
      month        = "Sep",
      year         = "2012",
}

@article{ATLAS-CONF-2012-130,
      title        = "{Search for exotic same-sign dilepton signatures (b' quark,
                      $T_{5/3}$ and four top quarks production) in 4.7/fb of pp
                      collisions at $\sqrt{s}=7$ TeV with the ATLAS detector}",
      author       = "{ATLAS collaboration}",
      institution  = "CERN",
      address      = "Geneva",
      number       = "ATLAS-CONF-2012-130",
      month        = "Sep",
      year         = "2012",
}

@article{AguilarSaavedra:2009es,
      author         = "Aguilar-Saavedra, J.A.",
      title          = "{Identifying top partners at LHC}",
      journal        = "JHEP",
      volume         = "0911",
      pages          = "030",
      doi            = "10.1088/1126-6708/2009/11/030",
      year           = "2009",
      eprint         = "0907.3155",
      archivePrefix  = "arXiv",
      primaryClass   = "hep-ph",
      SLACcitation   = "%%CITATION = ARXIV:0907.3155;%%",
}
@article{Holdom:2009rf,
      author         = "Holdom, B. and Hou, W.S. and Hurth, T. and Mangano, M.L.
                        and Sultansoy, S. and others",
      title          = "{Four Statements about the Fourth Generation}",
      journal        = "PMC Phys.",
      volume         = "A3",
      pages          = "4",
      doi            = "10.1186/1754-0410-3-4",
      year           = "2009",
      eprint         = "0904.4698",
      archivePrefix  = "arXiv",
      primaryClass   = "hep-ph",
      SLACcitation   = "%%CITATION = ARXIV:0904.4698;%%",
}

@article{Cetin:2011aa,
      author         = "Cetin, S.A. and Hou, G.W.S. and Ozcan, V.E. and Rozanov,
                        A.N. and Sultansoy, S.",
      title          = "{Status of the Fourth Generation: A Brief Summary of
                        B3SM-III Workshop in Four Parts}",
      year           = "2011",
      eprint         = "1112.2907",
      archivePrefix  = "arXiv",
      primaryClass   = "hep-ph",
      SLACcitation   = "%%CITATION = ARXIV:1112.2907;%%",
}

@article{Martin:2009bg,
      author         = "Martin, Stephen P.",
      title          = "{Extra vector-like matter and the lightest Higgs scalar
                        boson mass in low-energy supersymmetry}",
      journal        = "Phys.Rev.",
      volume         = "D81",
      pages          = "035004",
      doi            = "10.1103/PhysRevD.81.035004",
      year           = "2010",
      eprint         = "0910.2732",
      archivePrefix  = "arXiv",
      primaryClass   = "hep-ph",
      SLACcitation   = "%%CITATION = ARXIV:0910.2732;%%",
}

@article{Junk:1999kv,
      author         = "Junk, Thomas",
      title          = "{Confidence level computation for combining searches with
                        small statistics}",
      journal        = "Nucl.Instrum.Meth.",
      volume         = "A434",
      pages          = "435-443",
      doi            = "10.1016/S0168-9002(99)00498-2",
      year           = "1999",
      eprint         = "hep-ex/9902006",
      archivePrefix  = "arXiv",
      primaryClass   = "hep-ex",
      reportNumber   = "CARLETON-OPAL-PHYS-99-01, CERN-EP-99-041",
      SLACcitation   = "%%CITATION = HEP-EX/9902006;%%",
}

@article{Read:2002hq,
      author         = "Read, Alexander L.",
      title          = "{Presentation of search results: The CL(s) technique}",
      journal        = "J.Phys.",
      volume         = "G28",
      pages          = "2693-2704",
      doi            = "10.1088/0954-3899/28/10/313",
      year           = "2002",
      SLACcitation   = "%%CITATION = INSPIRE-599622;%%",
}
@article{:2012gk,
      author         = "{ATLAS Collaboration}",
      title          = "{Observation of a new particle in the search for the
                        Standard Model Higgs boson with the ATLAS detector at the
                        LHC}",
      journal        = "Phys.Lett.",
      volume         = "B716",
      pages          = "1-29",
      doi            = "10.1016/j.physletb.2012.08.020",
      year           = "2012",
      eprint         = "1207.7214",
      archivePrefix  = "arXiv",
      primaryClass   = "hep-ex",
      reportNumber   = "CERN-PH-EP-2012-218",
      SLACcitation   = "%%CITATION = ARXIV:1207.7214;%%",
}


@ARTICLE{2007physics...3039H,
  author = {{Hoecker}, A. and others},
  title = "{TMVA - Toolkit for Multivariate Data Analysis}",
  journal = {ArXiv Physics e-prints},
  eprint = {0703039},
  archivePrefix  = "arXiv",
  primaryClass   = "physics",
  keywords = {Physics - Data Analysis, Statistics and Probability},
     year = 2007,
    month = mar,
   adsurl = {http://adsabs.harvard.edu/abs/2007physics...3039H},
  adsnote = {Provided by the SAO/NASA Astrophysics Data System}
}

@ARTICLE{2011arXiv1101.0390C,
   author = {{Choudalakis}, G.},
    title = "{On hypothesis testing, trials factor, hypertests and the BumpHunter}",
  journal = {ArXiv e-prints},
archivePrefix = "arXiv",
   eprint = {1101.0390},
 primaryClass = "physics.data-an",
 keywords = {Physics - Data Analysis, Statistics and Probability, High Energy Physics - Experiment, 65Z05, 62G10, 62-02},
     year = 2011,
    month = jan,
   adsurl = {http://adsabs.harvard.edu/abs/2011arXiv1101.0390C},
  adsnote = {Provided by the SAO/NASA Astrophysics Data System}
}


@article{He:2011ti,
      author         = "He, Xiao-Gang and Valencia, German",
      title          = "{An extended scalar sector to address the tension between
                        a fourth generation and Higgs searches at the LHC}",
      journal        = "Phys.Lett.",
      volume         = "B707",
      pages          = "381-384",
      doi            = "10.1016/j.physletb.2011.12.063",
      year           = "2012",
      eprint         = "1108.0222",
      archivePrefix  = "arXiv",
      primaryClass   = "hep-ph",
      SLACcitation   = "%%CITATION = ARXIV:1108.0222;%%",
}


@article{Ishiwata:2011hr,
      author         = "Ishiwata, Koji and Wise, Mark B.",
      title          = "{Higgs Properties and Fourth Generation Leptons}",
      journal        = "Phys.Rev.",
      volume         = "D84",
      pages          = "055025",
      doi            = "10.1103/PhysRevD.84.055025",
      year           = "2011",
      eprint         = "1107.1490",
      archivePrefix  = "arXiv",
      primaryClass   = "hep-ph",
      reportNumber   = "CALT-68-2844",
      SLACcitation   = "%%CITATION = ARXIV:1107.1490;%%",
}

